<?xml version="1.0" encoding="UTF-8"?><record xmlns="http://www.loc.gov/MARC21/slim" xmlns:cinclude="http://apache.org/cocoon/include/1.0" xmlns:zs="http://www.loc.gov/zing/srw/">
  <leader>01358nz  a2200181n  4500</leader>
  <controlfield tag="001">nr2003017900</controlfield>
  <controlfield tag="003">DLC</controlfield>
  <controlfield tag="005">20030603033129.0</controlfield>
  <controlfield tag="008">030528n| acannaabn          |a aaa     c</controlfield>
  <datafield tag="010" ind1=" " ind2=" ">
    <subfield code="a">nr2003017900</subfield>
  </datafield>
  <datafield tag="040" ind1=" " ind2=" ">
    <subfield code="a">MWA</subfield>
    <subfield code="b">eng</subfield>
    <subfield code="c">MWA</subfield>
  </datafield>
  <datafield tag="100" ind1="1" ind2=" ">
    <subfield code="a">Kilham, Daniel,</subfield>
    <subfield code="d">1753-1841</subfield>
  </datafield>
  <datafield tag="400" ind1="1" ind2=" ">
    <subfield code="a">Kilham, Dr.</subfield>
    <subfield code="q">(Daniel),</subfield>
    <subfield code="d">1753-1841</subfield>
  </datafield>
  <datafield tag="670" ind1=" " ind2=" ">
    <subfield code="a">No tribute to England--No president for life--No Topsfield delegates, 1808:</subfield>
    <subfield code="b">t.p. (Hon. Daniel Kilham; Republican candidate for Congress)</subfield>
  </datafield>
  <datafield tag="670" ind1=" " ind2=" ">
    <subfield code="a">A Fact. A gentleman who was a member of the General Court from Salem at the same time with Dr. Kilham, is ready to testify on oath, 1810.</subfield>
  </datafield>
  <datafield tag="670" ind1=" " ind2=" ">
    <subfield code="a">Hist. collections of the Essex Inst., v. 49, 1913:</subfield>
    <subfield code="b">p. 222 (Daniel Kilham; s. of Daniel and Hannah Dodge Kilham, of Wenham; grad. Harvard 1777; studied medicine; apothecary at Newburyport; member of Mass. House of Reps. and Senate, governor's council; returned to Wenham ca. 1795; b. Jan. 15, 1753; d. Oct. 12, 1841, age 88)</subfield>
  </datafield>
  <datafield tag="670" ind1=" " ind2=" ">
    <subfield code="a">Wenham, Mass. vital records</subfield>
    <subfield code="b">(Kilham, Daniel, s. of Daniel, Jr., and Hannah; b. Jan. 15, 1753; buried Oct. 14, 1841, age 88 y. 9 m.)</subfield>
  </datafield>
  <datafield tag="670" ind1=" " ind2=" ">
    <subfield code="a">Allen, M. The hist. of Wenham, 1860:</subfield>
    <subfield code="b">p. 145, etc. (Daniel Kilham; apothecary at Newburyport; justice of Court of Common Pleas, Essex Co.; justice of the peace 1808-35; founder of Amer. Acad. of Arts and Sciences; b. Jan. 15, 1751; d. age 88)</subfield>
  </datafield>
</record>